
@inproceedings{sarma_smartbalance_2015,
	title = {{SmartBalance}: a sensing-driven linux load balancer for energy efficiency of heterogeneous {MPSoCs}},
	isbn = {978-1-4503-3520-1},
	url = {http://dl.acm.org/citation.cfm?doid=2744769.2744911},
	doi = {10.1145/2744769.2744911},
	shorttitle = {{SmartBalance}},
	pages = {1--6},
	publisher = {{ACM} Press},
	author = {Sarma, Santanu and Muck, T. and Bathen, Luis A. D. and Dutt, N. and Nicolau, A.},
	urldate = {2015-06-11},
	date = {2015},
	langid = {english},
}

@inproceedings{hofmeyr_load_2010,
	location = {New York, {NY}, {USA}},
	title = {Load Balancing on Speed},
	isbn = {978-1-60558-877-3},
	url = {http://doi.acm.org/10.1145/1693453.1693475},
	doi = {10.1145/1693453.1693475},
	series = {{PPoPP} '10},
	pages = {147--158},
	booktitle = {Proceedings of the 15th {ACM} {SIGPLAN} Symposium on Principles and Practice of Parallel Programming},
	publisher = {{ACM}},
	author = {Hofmeyr, Steven and Iancu, Costin and BlagojeviÄ‡, Filip},
	urldate = {2015-03-19},
	date = {2010},
	keywords = {load balancing, Operating systems, parallel applications},
}

@inproceedings{ousterhout_john_k._scheduling_1982,
	title = {Scheduling Techniques for Concurrent Systems},
	url = {http://others.kelehers.me/ousterhout.pdf},
	author = {{Ousterhout, John K.}},
	urldate = {2015-07-10},
	date = {1982},
}

@article{cruz_dynamic_2014,
	title = {Dynamic thread mapping of shared memory applications by exploiting cache coherence protocols},
	volume = {74},
	issn = {0743-7315},
	url = {http://www.sciencedirect.com/science/article/pii/S0743731513002335},
	doi = {10.1016/j.jpdc.2013.11.006},
	pages = {2215--2228},
	number = {3},
	journaltitle = {Journal of Parallel and Distributed Computing},
	shortjournal = {Journal of Parallel and Distributed Computing},
	author = {Cruz, Eduardo H. M. and Diener, Matthias and Alves, Marco A. Z. and Navaux, Philippe O. A.},
	urldate = {2015-06-12},
	date = {2014-03},
	keywords = {Cache coherence protocols, Communication pattern, parallel applications, Shared memory, Thread communication, Thread mapping},
}

@article{zhuravlev_survey_2012,
	title = {Survey of Scheduling Techniques for Addressing Shared Resources in Multicore Processors},
	volume = {45},
	issn = {0360-0300},
	url = {http://doi.acm.org/10.1145/2379776.2379780},
	doi = {10.1145/2379776.2379780},
	pages = {4:1--4:28},
	number = {1},
	journaltitle = {{ACM} Comput. Surv.},
	author = {Zhuravlev, Sergey and Saez, Juan Carlos and Blagodurov, Sergey and Fedorova, Alexandra and Prieto, Manuel},
	urldate = {2015-06-12},
	date = {2012-12},
	keywords = {cooperative resource sharing, power-aware scheduling, shared resource contention, Survey, thermal effects, thread level scheduling},
}

@inproceedings{banikazemi_pam_2008,
	title = {{PAM}: A novel performance/power aware meta-scheduler for multi-core systems},
	doi = {10.1109/SC.2008.5222643},
	shorttitle = {{PAM}},
	eventtitle = {High Performance Computing, Networking, Storage and Analysis, 2008. {SC} 2008. International Conference for},
	pages = {1--12},
	booktitle = {High Performance Computing, Networking, Storage and Analysis, 2008. {SC} 2008. International Conference for},
	author = {Banikazemi, M. and Poff, D. and Abali, B.},
	date = {2008-11},
	keywords = {Bandwidth, cache memory, cache storage, Counting circuits, Energy consumption, Hardware, Job shop scheduling, Kernel, Linux, main memory, multicore system, multiprocessing systems, {PAM}, performance aware meta-scheduler, Permission, power aware computing, power aware meta-scheduler, Processor scheduling, resource allocation, resource congestion detection, resource sharing, System performance, Yarn},
}

@article{knauerhase_using_2008,
	title = {Using {OS} Observations to Improve Performance in Multicore Systems},
	volume = {28},
	issn = {0272-1732},
	doi = {10.1109/MM.2008.48},
	pages = {54--66},
	number = {3},
	journaltitle = {{IEEE} Micro},
	author = {Knauerhase, R. and Brett, P. and Hohlt, B. and Li, Tong and Hahn, S.},
	date = {2008-05},
	keywords = {Application software, dynamic runtime observation, Kernel, Linux, load balancing, microprocessor chips, microprocessors, Multicore processing, multicore processors, multicore systems, multiprocessing, Operating systems, operating systems (computers), power management, Processor scheduling, Programming profession, Prototypes, resource allocation, Surface-mount technology, task scheduling, Yarn},
}

@article{yarom_recovering_2014,
	title = {Recovering {OpenSSL} {ECDSA} Nonces Using the {FLUSH}+ {RELOAD} Cache Side-channel Attack.},
	volume = {2014},
	url = {https://eprint.iacr.org/2014/140.pdf},
	pages = {140},
	journaltitle = {{IACR} Cryptology {ePrint} Archive},
	author = {Yarom, Yuval and Benger, Naomi},
	urldate = {2015-07-01},
	date = {2014},
}

@book{bernstein_cache-timing_2005,
	title = {Cache-timing attacks on {AES}},
	url = {http://palms.ee.princeton.edu/system/files/Cache-timing+attacks+on+AES.pdf},
	author = {Bernstein, Daniel J.},
	urldate = {2015-07-01},
	date = {2005},
}

@article{watts_practical_1998,
	title = {A practical approach to dynamic load balancing},
	volume = {9},
	issn = {1045-9219},
	doi = {10.1109/71.674316},
	pages = {235--248},
	number = {3},
	journaltitle = {{IEEE} Transactions on Parallel and Distributed Systems},
	author = {Watts, J. and Taylor, S.},
	date = {1998-03},
	keywords = {adaptive heat diffusion scheme, Application software, Concurrent computing, Graphics, Large-scale systems, load balancing, Load management, massively parallel machines, multicomputers, parallel architectures, parallel machines, Parallel processing, Plasma simulation, resource allocation, shared memory systems, Silicon, Workstations},
}

@inproceedings{zhang_processor_2007,
	title = {Processor Hardware Counter Statistics as a First-Class System Resource.},
	url = {https://www.usenix.org/event/hotos07/tech/full_papers/zhang/zhang.pdf},
	booktitle = {{HotOS}},
	author = {Zhang, Xiao and Dwarkadas, Sandhya and Folkmanis, Girts and Shen, Kai},
	urldate = {2015-07-13},
	date = {2007},
}

@inproceedings{eyerman_revisiting_2015,
	title = {Revisiting Symbiotic Job Scheduling},
	url = {https://hal.inria.fr/hal-01139807/document},
	eventtitle = {{IEEE} International Symposium on Performance Analysis of Systems and Software},
	author = {Eyerman, Stijn and Michaud, Pierre and Rogiest, Wouter},
	urldate = {2015-07-13},
	date = {2015-03-30},
	langid = {english},
}

@article{fedorova_managing_2010,
	title = {Managing Contention for Shared Resources on Multicore Processors},
	volume = {53},
	issn = {0001-0782},
	url = {http://doi.acm.org/10.1145/1646353.1646371},
	doi = {10.1145/1646353.1646371},
	pages = {49--57},
	number = {2},
	journaltitle = {Commun. {ACM}},
	author = {Fedorova, Alexandra and Blagodurov, Sergey and Zhuravlev, Sergey},
	urldate = {2015-07-13},
	date = {2010-02},
}

@inproceedings{zhuravlev_addressing_2010,
	location = {New York, {NY}, {USA}},
	title = {Addressing Shared Resource Contention in Multicore Processors via Scheduling},
	isbn = {978-1-60558-839-1},
	url = {http://doi.acm.org/10.1145/1736020.1736036},
	doi = {10.1145/1736020.1736036},
	series = {{ASPLOS} {XV}},
	pages = {129--142},
	booktitle = {Proceedings of the Fifteenth Edition of {ASPLOS} on Architectural Support for Programming Languages and Operating Systems},
	publisher = {{ACM}},
	author = {Zhuravlev, Sergey and Blagodurov, Sergey and Fedorova, Alexandra},
	urldate = {2015-07-13},
	date = {2010},
	keywords = {multicore processors, scheduling, shared resource contention},
}

@article{liu_last-level_2015,
	title = {Last-level cache side-channel attacks are practical},
	url = {https://ssrg.nicta.com.au/publications/nictaabstract.pml},
	author = {Liu, Fangfei and Yarom, Yuval and Ge, Qian and Heiser, Gernot and Lee, Ruby B.},
	urldate = {2015-07-14},
	date = {2015},
}

@article{snavely_symbiotic_2000,
	title = {Symbiotic Jobscheduling for a Simultaneous Mutlithreading Processor},
	volume = {35},
	issn = {0362-1340},
	url = {http://doi.acm.org/10.1145/356989.357011},
	doi = {10.1145/356989.357011},
	pages = {234--244},
	number = {11},
	journaltitle = {{SIGPLAN} Not.},
	author = {Snavely, Allan and Tullsen, Dean M.},
	urldate = {2015-08-05},
	date = {2000-11},
}

@inproceedings{snavely_symbiotic_2002,
	location = {New York, {NY}, {USA}},
	title = {Symbiotic Jobscheduling with Priorities for a Simultaneous Multithreading Processor},
	isbn = {978-1-58113-531-2},
	url = {http://doi.acm.org/10.1145/511334.511343},
	doi = {10.1145/511334.511343},
	series = {{SIGMETRICS} '02},
	pages = {66--76},
	booktitle = {Proceedings of the 2002 {ACM} {SIGMETRICS} International Conference on Measurement and Modeling of Computer Systems},
	publisher = {{ACM}},
	author = {Snavely, Allan and Tullsen, Dean M. and Voelker, Geoff},
	urldate = {2015-08-05},
	date = {2002},
	keywords = {job scheduling, priorities, simultaneous multithreading},
}

@article{zhuravlev_survey_2013,
	title = {Survey of energy-cognizant scheduling techniques},
	volume = {24},
	url = {http://ieeexplore.ieee.org/xpls/abs_all.jsp?arnumber=6127864},
	pages = {1447--1464},
	number = {7},
	journaltitle = {Parallel and Distributed Systems, {IEEE} Transactions on},
	author = {Zhuravlev, Sergey and Saez, Juan Carlos and Blagodurov, Sergey and Fedorova, Alexandra and Prieto, Manuel},
	urldate = {2015-10-13},
	date = {2013},
}

@inproceedings{imes_poet_2015,
	title = {{POET}: a portable approach to minimizing energy under soft real-time constraints},
	doi = {10.1109/RTAS.2015.7108419},
	shorttitle = {{POET}},
	eventtitle = {2015 {IEEE} Real-Time and Embedded Technology and Applications Symposium ({RTAS})},
	pages = {75--86},
	booktitle = {2015 {IEEE} Real-Time and Embedded Technology and Applications Symposium ({RTAS})},
	author = {Imes, C. and Kim, D.H.K. and Maggio, M. and Hoffmann, H.},
	date = {2015-04},
	keywords = {{ARM} big.{LITTLE} system-on-chip, control theory, embedded real-time systems, embedded systems, energy conservation, Energy consumption, energy consumption minimization, mathematical optimization, mobile Intel Haswell processor, open-source C library, open-source library-based approach, Optimization, {POET} approach, resource allocation, Resource management, Robustness, Runtime, runtime system, Schedules, soft realtime constraints, Timing, timing constraints},
}

@inproceedings{le_sueur_slow_2011,
	title = {Slow Down or Sleep, That Is the Question.},
	url = {http://static.usenix.org/events/atc11/tech/final_files/LeSueur.pdf},
	booktitle = {{USENIX} Annual Technical Conference},
	author = {Le Sueur, Etienne and Heiser, Gernot},
	urldate = {2015-12-18},
	date = {2011},
}

@inproceedings{le_sueur_dynamic_2010,
	title = {Dynamic voltage and frequency scaling: The laws of diminishing returns},
	url = {https://www.usenix.org/legacy/events/hotpower/tech/full_papers/LeSueur.pdf},
	shorttitle = {Dynamic voltage and frequency scaling},
	pages = {1--8},
	booktitle = {Proceedings of the 2010 international conference on Power aware computing and systems},
	publisher = {{USENIX} Association},
	author = {Le Sueur, Etienne and Heiser, Gernot},
	urldate = {2015-12-18},
	date = {2010},
}

@report{inci_seriously_2015,
	title = {Seriously, get off my cloud! Cross-{VM} {RSA} Key Recovery in a Public Cloud},
	url = {http://eprint.iacr.org/2015/898.pdf},
	institution = {{IACR} Cryptology {ePrint} Archive},
	author = {Inci, Mehmet Sinan and Gulmezoglu, Berk and Irazoqui, Gorka and Eisenbarth, Thomas and Sunar, Berk},
	urldate = {2015-12-29},
	date = {2015},
}
@incollection{bernstein_security_2012,
	title = {The security impact of a new cryptographic library},
	url = {http://link.springer.com/chapter/10.1007/978-3-642-33481-8_9},
	pages = {159--176},
	booktitle = {Progress in Cryptologyâ€“{LATINCRYPT} 2012},
	publisher = {Springer},
	author = {Bernstein, Daniel J. and Lange, Tanja and Schwabe, Peter},
	urldate = {2016-01-10},
	date = {2012},
}

@book{hennessy_computer_2012,
  title = {Computer architecture / a quantitative approach},
  author = {Hennessy, John L. and Patterson, David A. and AsanoviÄ‡, Krste},
  edition = {5. ed.},
  publisher = {Elsevier, Morgan Kaufmann},
  year = {2012},
  isbn = {9780123838728},
  isbn = {012383872X},
  title = {Computer architecture : a quantitative approach},
  address = {Elsevier, Morgan Kaufmann},
  address = {Amsterdam ; Heidelberg [u.a.]},
}

@manual{intel_arch_ref_manual_2015,
  title = {Intel\textregistered{} 64 and IA-32 Architectures Software Developer's Manual.
    Combined Volumes: 1, 2A, 2B, 2C, 3A, 3B, 3C and 3D},
  author = {{Intel Corporation}},
  year = {2015},
  month = {9},
}

@manual{intel_optimization_manual_2015,
  title = {Intel\textregistered{} 64 and IA-32 Architectures Optimization
    Reference Manual},
  author = {{Intel Corporation}},
  year = {2015},
  month = {9},
}

@misc{intel_cat,
  title = {Improving Real-Time Performance by Utilizing Cache Allocation
    Technology},
  author = {{Intel Corporation}},
  howpublished =
    "\url{http://www.intel.com/content/dam/www/public/us/en/documents/white-papers/cache-allocation-technology-white-paper.pdf}",
  year = {2015},
  month = {4},
  note = "[Online, accessed 09-February-2016]",
}

@misc{linux_cfs_doc,
  title = {CFS Scheduler},
  author = {Claudio Scordino and Ingo Molnar and many others},
  howpublished =
    "\url{https://www.kernel.org/doc/Documentation/scheduler/sched-design-CFS.txt}",
  year = {2008},
  note = "[Online, accessed 09-February-2016]",
}

@misc{lwn_sched_domains,
  title = {Scheduling Domains},
  author = {Jonathan Corbet},
  howpublished =
    "\url{https://lwn.net/Articles/80911/}",
  year = {2004},
  month = {4},
  day = {19},
  note = "[Online, accessed 09-February-2016]",
}

@article{mccoll_scalability_1996,
  title = "Scalability, portability and predictability: The {BSP} approach to parallel programming",
  journal = "Future Generation Computer Systems ",
  volume = "12",
  number = "4",
  pages = "265 - 272",
  year = "1996",
  note = "Parallel Computing Applications ",
  doi = "http://dx.doi.org/10.1016/S0167-739X(96)00030-1",
  author = "W.F. McColl",
}
