
@inproceedings{sarma_smartbalance_2015,
	title = {{SmartBalance}: a sensing-driven linux load balancer for energy efficiency of heterogeneous {MPSoCs}},
	isbn = {978-1-4503-3520-1},
	shorttitle = {{SmartBalance}},
	url = {http://dl.acm.org/citation.cfm?doid=2744769.2744911},
	doi = {10.1145/2744769.2744911},
	language = {en},
	urldate = {2015-06-11},
	publisher = {ACM Press},
	author = {Sarma, Santanu and Muck, T. and Bathen, Luis A. D. and Dutt, N. and Nicolau, A.},
	year = {2015},
	pages = {1--6},
	file = {551e53e30cf213ef063f1f40.pdf:/home/phipse/.mozilla/firefox/pstwws5u.default/zotero/storage/GTX7PSW4/551e53e30cf213ef063f1f40.pdf:application/pdf;551e53e30cf213ef063f1f40.pdf:/home/phipse/.mozilla/firefox/pstwws5u.default/zotero/storage/ZMB8GH9I/551e53e30cf213ef063f1f40.pdf:application/pdf}
}

@inproceedings{hofmeyr_load_2010,
	address = {New York, NY, USA},
	series = {{PPoPP} '10},
	title = {Load {Balancing} on {Speed}},
	isbn = {978-1-60558-877-3},
	url = {http://doi.acm.org/10.1145/1693453.1693475},
	doi = {10.1145/1693453.1693475},
	urldate = {2015-03-19},
	booktitle = {Proceedings of the 15th {ACM} {SIGPLAN} {Symposium} on {Principles} and {Practice} of {Parallel} {Programming}},
	publisher = {ACM},
	author = {Hofmeyr, Steven and Iancu, Costin and BlagojeviÄ‡, Filip},
	year = {2010},
	keywords = {load balancing, Operating systems, parallel applications},
	pages = {147--158},
	file = {ACM Full Text PDF:/home/phipse/.mozilla/firefox/pstwws5u.default/zotero/storage/FNF4J7MI/Hofmeyr et al. - 2010 - Load Balancing on Speed.pdf:application/pdf}
}

@article{cruz_dynamic_2014,
	title = {Dynamic thread mapping of shared memory applications by exploiting cache coherence protocols},
	volume = {74},
	issn = {0743-7315},
	url = {http://www.sciencedirect.com/science/article/pii/S0743731513002335},
	doi = {10.1016/j.jpdc.2013.11.006},
	number = {3},
	urldate = {2015-06-12},
	journal = {Journal of Parallel and Distributed Computing},
	author = {Cruz, Eduardo H. M. and Diener, Matthias and Alves, Marco A. Z. and Navaux, Philippe O. A.},
	month = mar,
	year = {2014},
	keywords = {Cache coherence protocols, Communication pattern, parallel applications, Shared memory, Thread communication, Thread mapping},
	pages = {2215--2228},
	file = {ScienceDirect Full Text PDF:/home/phipse/.mozilla/firefox/pstwws5u.default/zotero/storage/MCENAAQQ/Cruz et al. - 2014 - Dynamic thread mapping of shared memory applicatio.pdf:application/pdf;ScienceDirect Snapshot:/home/phipse/.mozilla/firefox/pstwws5u.default/zotero/storage/2ZQCCHEC/S0743731513002335.html:text/html}
}

@article{zhuravlev_survey_2012,
	title = {Survey of {Scheduling} {Techniques} for {Addressing} {Shared} {Resources} in {Multicore} {Processors}},
	volume = {45},
	issn = {0360-0300},
	url = {http://doi.acm.org/10.1145/2379776.2379780},
	doi = {10.1145/2379776.2379780},
	number = {1},
	urldate = {2015-06-12},
	journal = {ACM Comput. Surv.},
	author = {Zhuravlev, Sergey and Saez, Juan Carlos and Blagodurov, Sergey and Fedorova, Alexandra and Prieto, Manuel},
	month = dec,
	year = {2012},
	keywords = {cooperative resource sharing, power-aware scheduling, shared resource contention, Survey, thermal effects, thread level scheduling},
	pages = {4:1--4:28},
	file = {ACM Full Text PDF:/home/phipse/.mozilla/firefox/pstwws5u.default/zotero/storage/EXHGHJ9E/Zhuravlev et al. - 2012 - Survey of Scheduling Techniques for Addressing Sha.pdf:application/pdf}
}

@article{knauerhase_using_2008,
	title = {Using {OS} {Observations} to {Improve} {Performance} in {Multicore} {Systems}},
	volume = {28},
	issn = {0272-1732},
	doi = {10.1109/MM.2008.48},
	number = {3},
	journal = {IEEE Micro},
	author = {Knauerhase, R. and Brett, P. and Hohlt, B. and Li, Tong and Hahn, S.},
	month = may,
	year = {2008},
	keywords = {Application software, dynamic runtime observation, Kernel, Linux, load balancing, microprocessor chips, microprocessors, Multicore processing, multicore processors, multicore systems, multiprocessing, Operating systems, operating systems (computers), power management, Processor scheduling, Programming profession, Prototypes, resource allocation, Surface-mount technology, task scheduling, Yarn},
	pages = {54--66},
	file = {IEEE Xplore Abstract Record:/home/phipse/.mozilla/firefox/pstwws5u.default/zotero/storage/N3SEFJRE/articleDetails.html:text/html;IEEE Xplore Full Text PDF:/home/phipse/.mozilla/firefox/pstwws5u.default/zotero/storage/MA2PXCUV/Knauerhase et al. - 2008 - Using OS Observations to Improve Performance in Mu.pdf:application/pdf}
}

@article{yarom_recovering_2014,
	title = {Recovering {OpenSSL} {ECDSA} {Nonces} {Using} the {FLUSH}+ {RELOAD} {Cache} {Side}-channel {Attack}.},
	volume = {2014},
	url = {https://eprint.iacr.org/2014/140.pdf},
	urldate = {2015-07-01},
	journal = {IACR Cryptology ePrint Archive},
	author = {Yarom, Yuval and Benger, Naomi},
	year = {2014},
	pages = {140},
	file = {140.pdf:/home/phipse/.mozilla/firefox/pstwws5u.default/zotero/storage/ACTCQ93A/140.pdf:application/pdf}
}

@book{bernstein_cache-timing_2005,
	title = {Cache-timing attacks on {AES}},
	url = {http://palms.ee.princeton.edu/system/files/Cache-timing+attacks+on+AES.pdf},
	urldate = {2015-07-01},
	author = {Bernstein, Daniel J.},
	year = {2005},
	file = {Cache-timing+attacks+on+AES.pdf:/home/phipse/.mozilla/firefox/pstwws5u.default/zotero/storage/Q2Q6XH78/Cache-timing+attacks+on+AES.pdf:application/pdf}
}

@inproceedings{eyerman_probabilistic_2010,
	address = {New York, NY, USA},
	series = {{ASPLOS} {XV}},
	title = {Probabilistic {Job} {Symbiosis} {Modeling} for {SMT} {Processor} {Scheduling}},
	isbn = {978-1-60558-839-1},
	url = {http://doi.acm.org/10.1145/1736020.1736033},
	doi = {10.1145/1736020.1736033},
	urldate = {2015-07-13},
	booktitle = {Proceedings of the {Fifteenth} {Edition} of {ASPLOS} on {Architectural} {Support} for {Programming} {Languages} and {Operating} {Systems}},
	publisher = {ACM},
	author = {Eyerman, Stijn and Eeckhout, Lieven},
	year = {2010},
	keywords = {performance modeling, simultaneous multi-threading (smt), symbiotic job scheduling},
	pages = {91--102},
	file = {ACM Full Text PDF:/home/phipse/.mozilla/firefox/pstwws5u.default/zotero/storage/PIE5BNCF/Eyerman and Eeckhout - 2010 - Probabilistic Job Symbiosis Modeling for SMT Proce.pdf:application/pdf}
}

@article{fedorova_managing_2010,
	title = {Managing {Contention} for {Shared} {Resources} on {Multicore} {Processors}},
	volume = {53},
	issn = {0001-0782},
	url = {http://doi.acm.org/10.1145/1646353.1646371},
	doi = {10.1145/1646353.1646371},
	number = {2},
	urldate = {2015-07-13},
	journal = {Commun. ACM},
	author = {Fedorova, Alexandra and Blagodurov, Sergey and Zhuravlev, Sergey},
	month = feb,
	year = {2010},
	pages = {49--57},
	file = {ACM Full Text PDF:/home/phipse/.mozilla/firefox/pstwws5u.default/zotero/storage/4PECTTGT/Fedorova et al. - 2010 - Managing Contention for Shared Resources on Multic.pdf:application/pdf}
}

@inproceedings{zhuravlev_addressing_2010,
	address = {New York, NY, USA},
	series = {{ASPLOS} {XV}},
	title = {Addressing {Shared} {Resource} {Contention} in {Multicore} {Processors} via {Scheduling}},
	isbn = {978-1-60558-839-1},
	url = {http://doi.acm.org/10.1145/1736020.1736036},
	doi = {10.1145/1736020.1736036},
	urldate = {2015-07-13},
	booktitle = {Proceedings of the {Fifteenth} {Edition} of {ASPLOS} on {Architectural} {Support} for {Programming} {Languages} and {Operating} {Systems}},
	publisher = {ACM},
	author = {Zhuravlev, Sergey and Blagodurov, Sergey and Fedorova, Alexandra},
	year = {2010},
	keywords = {multicore processors, scheduling, shared resource contention},
	pages = {129--142},
	file = {ACM Full Text PDF:/home/phipse/.mozilla/firefox/pstwws5u.default/zotero/storage/M9ZDAUJC/Zhuravlev et al. - 2010 - Addressing Shared Resource Contention in Multicore.pdf:application/pdf}
}

@article{liu_last-level_2015,
	title = {Last-level cache side-channel attacks are practical},
	url = {https://ssrg.nicta.com.au/publications/nictaabstracts/Liu_YGHL_15.abstract.pml},
	urldate = {2015-07-14},
	author = {Liu, Fangfei and Yarom, Yuval and Ge, Qian and Heiser, Gernot and Lee, Ruby B.},
	year = {2015},
	file = {Full Text PDF:/home/phipse/.mozilla/firefox/pstwws5u.default/zotero/storage/9BFA8V6C/Liu et al. - 2015 - Last-level cache side-channel attacks are practica.pdf:application/pdf;Snapshot:/home/phipse/.mozilla/firefox/pstwws5u.default/zotero/storage/DGSF3AHU/Liu_YGHL_15.abstract.html:text/html}
}
