
@inproceedings{sarma_smartbalance_2015,
	title = {{SmartBalance}: a sensing-driven linux load balancer for energy efficiency of heterogeneous {MPSoCs}},
	shorttitle = {{SmartBalance}},
	publisher = {ACM Press},
	author = {Sarma, Santanu and Muck, T. and Bathen, Luis A. D. and Dutt, N. and Nicolau, A.},
	year = {2015},
	pages = {1--6},
}

@inproceedings{hofmeyr_load_2010,
	address = {New York, NY, USA},
	series = {{PPoPP} '10},
	title = {Load {Balancing} on {Speed}},
	booktitle = {Proceedings of the 15th {ACM} {SIGPLAN} {Symposium} on {Principles} and {Practice} of {Parallel} {Programming}},
	publisher = {ACM},
	author = {Hofmeyr, Steven and Iancu, Costin and BlagojeviÄ‡, Filip},
	year = {2010},
	pages = {147--158},
}

@inproceedings{ousterhout_scheduling_1982,
	title = {Scheduling {Techniques} for {Concurrent} {Systems}},
	author = {{Ousterhout, John K.}},
	year = {1982},
}

@article{cruz_dynamic_2014,
	title = {Dynamic thread mapping of shared memory applications by exploiting cache coherence protocols},
	volume = {74},
	number = {3},
	journal = {Journal of Parallel and Distributed Computing},
	author = {Cruz, Eduardo H. M. and Diener, Matthias and Alves, Marco A. Z. and Navaux, Philippe O. A.},
	month = mar,
	year = {2014},
	pages = {2215--2228},
}

@article{zhuravlev_survey_2012,
	title = {Survey of {Scheduling} {Techniques} for {Addressing} {Shared} {Resources} in {Multicore} {Processors}},
	volume = {45},
	number = {1},
	journal = {ACM Comput. Surv.},
	author = {Zhuravlev, Sergey and Saez, Juan Carlos and Blagodurov, Sergey and Fedorova, Alexandra and Prieto, Manuel},
	month = dec,
	year = {2012},
	pages = {4:1--4:28},
}

@inproceedings{banikazemi_pam_2008,
	title = {{PAM}: {A} novel performance/power aware meta-scheduler for multi-core systems},
	shorttitle = {{PAM}},
	booktitle = {{International} {Conference} for High {Performance}
	  {Computing}, {Networking}, {Storage} and {Analysis}},
	author = {Banikazemi, M. and Poff, D. and Abali, B.},
	month = nov,
	year = {2008},
	pages = {1--12},
}

@article{knauerhase_using_2008,
	title = {Using {OS} {Observations} to {Improve} {Performance} in {Multicore} {Systems}},
	volume = {28},
	number = {3},
	journal = {IEEE Micro},
	author = {Knauerhase, R. and Brett, P. and Hohlt, B. and Li, Tong and Hahn, S.},
	month = may,
	year = {2008},
	pages = {54--66},
}

@article{yarom_recovering_2014,
	title = {Recovering {OpenSSL} {ECDSA} {Nonces} {Using} the {FLUSH}+ {RELOAD} {Cache} {Side}-channel {Attack}.},
	volume = {2014},
	journal = {IACR Cryptology ePrint Archive},
	author = {Yarom, Yuval and Benger, Naomi},
	year = {2014},
	pages = {140},
}

@book{bernstein_cache-timing_2005,
	title = {Cache-timing attacks on {AES}},
	author = {Bernstein, Daniel J.},
	year = {2005},
}

@article{watts_practical_1998,
	title = {A practical approach to dynamic load balancing},
	volume = {9},
	number = {3},
	journal = {IEEE Transactions on Parallel and Distributed Systems},
	author = {Watts, J. and Taylor, S.},
	month = mar,
	year = {1998},
	pages = {235--248},
}

@inproceedings{zhang_processor_2007,
	title = {Processor {Hardware} {Counter} {Statistics} as a {First}-{Class} {System} {Resource}.},
	booktitle = {{HotOS}},
	author = {Zhang, Xiao and Dwarkadas, Sandhya and Folkmanis, Girts and Shen, Kai},
	year = {2007},
}

@inproceedings{eyerman_revisiting_2015,
	title = {Revisiting Symbiotic Job Scheduling},
	eventtitle = {{IEEE} International Symposium on Performance Analysis of Systems and Software},
	author = {Eyerman, Stijn and Michaud, Pierre and Rogiest, Wouter},
	date = {2015-03-30},
}

@article{fedorova_managing_2010,
	title = {Managing {Contention} for {Shared} {Resources} on {Multicore} {Processors}},
	volume = {53},
	journal = {Commun. ACM},
	author = {Fedorova, Alexandra and Blagodurov, Sergey and Zhuravlev, Sergey},
	month = feb,
	year = {2010},
	pages = {49--57},
}

@inproceedings{zhuravlev_addressing_2010,
	address = {New York, NY, USA},
	series = {{ASPLOS} {XV}},
	title = {Addressing {Shared} {Resource} {Contention} in {Multicore} {Processors} via {Scheduling}},
	publisher = {ACM},
	author = {Zhuravlev, Sergey and Blagodurov, Sergey and Fedorova, Alexandra},
	year = {2010},
	pages = {129--142},
}

@article{liu_last-level_2015,
	title = {Last-level cache side-channel attacks are practical},
	author = {Liu, Fangfei and Yarom, Yuval and Ge, Qian and Heiser, Gernot and Lee, Ruby B.},
	year = {2015},
}

@article{snavely_symbiotic_2000,
	title = {Symbiotic {Jobscheduling} for a {Simultaneous} {Mutlithreading} {Processor}},
	volume = {35},
	number = {11},
	journal = {SIGPLAN Not.},
	author = {Snavely, Allan and Tullsen, Dean M.},
	month = nov,
	year = {2000},
	pages = {234--244},
}

@inproceedings{snavely_symbiotic_2002,
	address = {New York, NY, USA},
	series = {{SIGMETRICS} '02},
	title = {Symbiotic {Jobscheduling} with {Priorities} for a {Simultaneous} {Multithreading} {Processor}},
	booktitle = {Proceedings of the 2002 {ACM} {SIGMETRICS} {International} {Conference} on {Measurement} and {Modeling} of {Computer} {Systems}},
	publisher = {ACM},
	author = {Snavely, Allan and Tullsen, Dean M. and Voelker, Geoff},
	year = {2002},
	pages = {66--76},
}
